<record><leader>00000cas a2200000 a 4500</leader><controlfield tag="001">51318990</controlfield><controlfield tag="008">030107d19981999ilucr ne      0    0eng c</controlfield><datafield ind1=" " ind2=" " tag="010"><subfield code="a">sn2003060701</subfield></datafield><datafield ind1=" " ind2=" " tag="040"><subfield code="a">CVF</subfield><subfield code="b">eng</subfield><subfield code="c">CVF</subfield><subfield code="d">OCLCQ</subfield><subfield code="d">OCLCF</subfield><subfield code="d">OCLCO</subfield></datafield><datafield ind1="1" ind2=" " tag="029"><subfield code="a">AU@</subfield><subfield code="b">000024353073</subfield></datafield><datafield ind1=" " ind2=" " tag="042"><subfield code="a">pcc</subfield></datafield><datafield ind1=" " ind2=" " tag="043"><subfield code="a">n-us-il</subfield></datafield><datafield ind1="0" ind2=" " tag="130"><subfield code="a">Sun (Plainfield, Ill. : Bolingbrook Romeoville ed.)</subfield></datafield><datafield ind1="1" ind2="4" tag="245"><subfield code="a">The sun.</subfield></datafield><datafield ind1="3" ind2="0" tag="246"><subfield code="a">Bolingbrook and Romeoville sun</subfield></datafield><datafield ind1=" " ind2=" " tag="250"><subfield code="a">Bolingbrook Romeoville ed.</subfield></datafield><datafield ind1=" " ind2=" " tag="260"><subfield code="a">Plainfield, Ill. :</subfield><subfield code="b">Copley Press,</subfield><subfield code="c">1998-1999.</subfield></datafield><datafield ind1=" " ind2=" " tag="300"><subfield code="a">v.</subfield></datafield><datafield ind1=" " ind2=" " tag="310"><subfield code="a">Semiweekly</subfield></datafield><datafield ind1="0" ind2=" " tag="362"><subfield code="a">Vol. 37, no. 16 (Mar. 25, 1998)-v. 37, no. 14 (June 4, 1999).</subfield></datafield><datafield ind1=" " ind2="0" tag="651"><subfield code="a">Bolingbrook (Ill.)</subfield><subfield code="v">Newspapers.</subfield></datafield><datafield ind1=" " ind2="0" tag="651"><subfield code="a">Romeoville (Ill.)</subfield><subfield code="v">Newspapers.</subfield></datafield><datafield ind1=" " ind2="7" tag="655"><subfield code="a">Newspapers.</subfield><subfield code="2">fast</subfield><subfield code="0">(OCoLC)fst01423814</subfield></datafield><datafield ind1=" " ind2="7" tag="651"><subfield code="a">Illinois</subfield><subfield code="z">Bolingbrook.</subfield><subfield code="2">fast</subfield><subfield code="0">(OCoLC)fst01227027</subfield></datafield><datafield ind1=" " ind2="7" tag="651"><subfield code="a">Illinois</subfield><subfield code="z">Romeoville.</subfield><subfield code="2">fast</subfield><subfield code="0">(OCoLC)fst01232802</subfield></datafield><datafield ind1=" " ind2=" " tag="752"><subfield code="a">United States</subfield><subfield code="b">Illinois</subfield><subfield code="c">Will</subfield><subfield code="d">Plainfield.</subfield></datafield><datafield ind1="0" ind2="0" tag="780"><subfield code="t">Romeoville sun</subfield><subfield code="w">(DLC)sn2002060901</subfield></datafield><datafield ind1="0" ind2="0" tag="785"><subfield code="t">Sun (Plainfield, Ill. : Bolingbrook ed.)</subfield><subfield code="w">(DLC)sn2003060702</subfield></datafield></record>